@Misc{Karlsruhe,
    author = "A. Dierlamm",
    title = "Proton Irradiation in Karlsruhe",
    year = 2010,
    note = "16th RD50 Workshop",
    url = "https://indico.cern.ch/event/86625/contributions/2103519/attachments/1080676/1541436/Irradiations_Ka.pdf"
}

@article{BandGap,
author         = "A. Chilingarov",
title          = "Temperature dependence of the current generated
in Si bulk",
journal        = "Journal of Instrumentation",
year           = 2013
}

@phdthesis{Casse,
author = "G. Casse", 
title = "The effect of hadron irradiation on the electrical properties of particle detectors made from various silicon materials",
school = "Universite Joseph Fourier-Grenoble",
year = 1998,
}

@phdthesis{Moll,
author = "M. Moll",
title = "Radiation Damage in Silicon Particle Detectors",
school = "University of Hamburg",
year = 1999
}

@INPROCEEDINGS{Ravotti,
author={F. Ravotti and M. Glaser and M. Moll and F. Saigne},
booktitle={2007 9th European Conference on Radiation and Its Effects on Components and Systems},
title={BPW34 commercial p-i-n diodes for high-level 1-MeV neutron equivalent fluence monitoring},
year={2007},
volume={},
number={},
pages={1-8},
keywords={neutron effects;particle beams;p-i-n diodes;p-i-n diodes;radiation monitoring;radiation damage;particle beams;neutron equivalent fluence monitoring;P-i-n diodes;Neutrons;Monitoring;Dielectrics;Cables;Laser fusion;Inertial confinement;Production;Semiconductor devices;Electrostatics;Radiation monitoring;p-i-n diodes;accelerators;particle beams;radiation damage},
doi={10.1109/RADECS.2007.5205483},
ISSN={0379-6566},
month={Sept},}

@misc{krakow,
author = "T. Price",
title = "Experimental Determination of the Hardness
Factor for the Birmingham Irradiation Facility",
note = "30th RD50 Workshop (Krakow)",
day = 05,
month = 06,
year = 2017,
url = "https://indico.cern.ch/event/637212/contributions/2608664/"
}

@misc{RD50,
title = "RD50",
url = "http://rd50.web.cern.ch/rd50/",
day = 15,
month = 03,
year = 2018
}

@misc{IRRAD,
author = "Isidre Mateu et al.",
title = "NIEL hardness factor determination for the new proton irradiation facility at CERN",
url = "http://cds.cern.ch/record/2162852/files/AIDA-2020-SLIDE-2016-002.pdf?version=1",
note = "28th RD50 Workshop",
day = 07,
month = 06,
year = 2016,
}