@Misc{Karlsruhe,
    author = "A. Dierlamm",
    title = "Proton Irradiation in Karlsruhe",
    year = 2010,
    note = "16th RD50 Workshop",
    url = "https://indico.cern.ch/event/86625/contributions/2103519/attachments/1080676/1541436/Irradiations_Ka.pdf"
}

@article{BandGap,
author         = "A. Chilingarov",
title          = "Temperature dependence of the current generated
in Si bulk",
journal        = "Journal of Instrumentation",
year           = 2013
}

@phdthesis{Casse,
author = "G. Casse", 
title = "The effect of hadron irradiation on the electrical properties of particle detectors made from various silicon materials",
school = "Universite Joseph Fourier-Grenoble",
year = 1998,
}

@phdthesis{Moll,
author = "M. Moll",
title = "Radiation Damage in Silicon Particle Detectors",
school = "University of Hamburg",
year = 1999
}